<record><leader>00000cas a22000007a 4500</leader><controlfield tag="001">18853703</controlfield><controlfield tag="008">881207d19741975nyuwr ne      0    0eng d</controlfield><datafield ind1=" " ind2=" " tag="010"><subfield code="a">sn 88074898 </subfield></datafield><datafield ind1=" " ind2=" " tag="040"><subfield code="a">NYS</subfield><subfield code="b">eng</subfield><subfield code="c">NYS</subfield><subfield code="d">OCLCQ</subfield></datafield><datafield ind1=" " ind2=" " tag="042"><subfield code="a">msc</subfield></datafield><datafield ind1="0" ind2="0" tag="245"><subfield code="a">Hilton-Parma herald.</subfield></datafield><datafield ind1=" " ind2=" " tag="260"><subfield code="a">Hilton, N.Y. :</subfield><subfield code="b">L. Lucieer</subfield></datafield><datafield ind1=" " ind2=" " tag="300"><subfield code="a">v.</subfield></datafield><datafield ind1=" " ind2=" " tag="310"><subfield code="a">Weekly</subfield></datafield><datafield ind1="1" ind2=" " tag="362"><subfield code="a">Began in Apr. 1974; ceased in 1975.</subfield></datafield><datafield ind1=" " ind2=" " tag="588"><subfield code="a">Description based on: Vol. 1, no. 2 (Apr. 18, 1974).</subfield></datafield><datafield ind1=" " ind2="4" tag="651"><subfield code="a">Hilton (N.Y.)</subfield><subfield code="v">Newspapers.</subfield></datafield><datafield ind1=" " ind2="4" tag="651"><subfield code="a">Parma (N.Y.)</subfield><subfield code="v">Newspapers.</subfield></datafield><datafield ind1=" " ind2=" " tag="752"><subfield code="a">United States</subfield><subfield code="b">New York</subfield><subfield code="c">Monroe</subfield><subfield code="d">Hilton.</subfield></datafield><datafield ind1=" " ind2=" " tag="752"><subfield code="a">United States</subfield><subfield code="b">New York</subfield><subfield code="c">Monroe</subfield><subfield code="d">Parma.</subfield></datafield><datafield ind1="0" ind2="0" tag="780"><subfield code="t">Hilton record</subfield><subfield code="w">(DLC)sn 88074080</subfield></datafield><datafield ind1="0" ind2="0" tag="785"><subfield code="t">Herald (Hilton, N.Y)</subfield><subfield code="w">(DLC)sn 88074899</subfield><subfield code="w">(OCoLC)18853697</subfield></datafield><datafield ind1="1" ind2=" " tag="029"><subfield code="a">AU@</subfield><subfield code="b">000023089393</subfield></datafield></record>